@article{morris2008specification,
  title={Specification of exponential-family random graph models: terms and computational aspects},
  author={Morris, Martina and Handcock, Mark S and Hunter, David R},
  journal={Journal of statistical software},
  volume={24},
  number={4},
  pages={1548},
  year={2008},
  publisher={NIH Public Access}
}

@article{hunter2006,
  title={Statistical Models for Networks},
  author={Hunter, David},
  journal={Statistics Student Seminar},
  year={2006},
  publisher={Penn State University}
}

@article{eagle2006reality,
  title={Reality mining: sensing complex social systems},
  author={Eagle, Nathan and Pentland, Alex},
  journal={Personal and ubiquitous computing},
  volume={10},
  number={4},
  pages={255--268},
  year={2006},
  publisher={Springer-Verlag}
}

@article{everitt2012bayesian,
  title={Bayesian parameter estimation for latent Markov random fields and social networks},
  author={Everitt, Richard G},
  journal={Journal of Computational and graphical Statistics},
  volume={21},
  number={4},
  pages={940--960},
  year={2012},
  publisher={Taylor \& Francis}
}

@article{korber2018bayesian,
  title={Bayesian Analysis of Network Data. Model Selection and Evaluation of the Exponential Random Graph Model},
  author={Korber, Julian}, year={2018}
}


@article{jin2013bayesian,
  title={Bayesian analysis for exponential random graph models using the adaptive exchange sampler},
  author={Jin, Ick Hoon and Yuan, Ying and Liang, Faming},
  journal={Statistics and its interface},
  volume={6},
  number={4},
  pages={559},
  year={2013},
  publisher={NIH Public Access}
}

@article{newman2018network,
  title={Network structure from rich but noisy data},
  author={Newman, MEJ},
  journal={Nature Physics},
  volume={14},
  number={6},
  pages={542},
  year={2018},
  publisher={Nature Publishing Group}
}

@article{koskinen2010analysing,
  title={Analysing exponential random graph (p-star) models with missing data using Bayesian data augmentation},
  author={Koskinen, Johan H and Robins, Garry L and Pattison, Philippa E},
  journal={Statistical Methodology},
  volume={7},
  number={3},
  pages={366--384},
  year={2010},
  publisher={Elsevier}
}

@article{everitt2017marginal,
  title={Marginal sequential Monte Carlo for doubly intractable models},
  author={Everitt, Richard G and Prangle, Dennis and Maybank, Philip and Bell, Mark},
  journal={arXiv preprint arXiv:1710.04382},
  year={2017}
}

@article{murray2012mcmc,
  title={MCMC for doubly-intractable distributions},
  author={Murray, Iain and Ghahramani, Zoubin and MacKay, David},
  journal={arXiv preprint arXiv:1206.6848},
  year={2012}
}

@article{park2018bayesian,
  title={Bayesian inference in the presence of intractable normalizing functions},
  author={Park, Jaewoo and Haran, Murali},
  journal={Journal of the American Statistical Association},
  number={just-accepted},
  year={2018},
  publisher={Taylor \& Francis}
}
